@misc{marx2013biology,
  title={Biology: The big challenges of big data},
  author={Marx, Vivien},
  year={2013},
  publisher={Nature Publishing Group}
}

@article{ioannidis2005most,
  title={Why most published research findings are false},
  author={Ioannidis, John PA},
  journal={PLoS medicine},
  volume={2},
  number={8},
  pages={e124},
  year={2005},
  publisher={Public Library of Science}
}

@article{begley2015reproducibility,
  title={Reproducibility in science: improving the standard for basic and preclinical research},
  author={Begley, C Glenn and Ioannidis, John PA},
  journal={Circulation research},
  volume={116},
  number={1},
  pages={116--126},
  year={2015},
  publisher={Am Heart Assoc}
}

@article{baker20161,
  title={1,500 scientists lift the lid on reproducibility},
  author={Baker, Monya},
  journal={Nature News},
  volume={533},
  number={7604},
  pages={452},
  year={2016}
}

@article{fiehn2001combining,
  title={Combining genomics, metabolome analysis, and biochemical modelling to understand metabolic networks},
  author={Fiehn, Oliver},
  journal={International Journal of Genomics},
  volume={2},
  number={3},
  pages={155--168},
  year={2001},
  publisher={Hindawi}
}

@article{moco2007metabolomics,
  title={Metabolomics technologies and metabolite identification},
  author={Moco, Sofia and Vervoort, Jacques and Bino, Raoul J and De Vos, Ric CH and Bino, Raoul},
  journal={TrAC Trends in Analytical Chemistry},
  volume={26},
  number={9},
  pages={855--866},
  year={2007},
  publisher={Elsevier}
}

@article{mathew2013metabolomics,
  title={Metabolomics: the apogee of the omics trilogy},
  author={Mathew, AK and Padmanaban, VC},
  journal={Int J Pharm Pharm Sci},
  volume={5},
  number={2},
  pages={45--8},
  year={2013}
}

@article{buscher2009cross,
  title={Cross-platform comparison of methods for quantitative metabolomics of primary metabolism},
  author={Büscher, Jörg Martin and Czernik, Dominika and Ewald, Jennifer Christina and Sauer, Uwe and Zamboni, Nicola},
  journal={Analytical chemistry},
  volume={81},
  number={6},
  pages={2135--2143},
  year={2009},
  publisher={ACS Publications}
}

@article{bingol2018recent,
  title={Recent Advances in Targeted and Untargeted Metabolomics by NMR and MS/NMR Methods},
  author={Bingol, Kerem},
  journal={High-throughput},
  volume={7},
  number={2},
  pages={9},
  year={2018},
  publisher={Multidisciplinary Digital Publishing Institute}
}

@article{hochberg1990more,
  title={More powerful procedures for multiple significance testing},
  author={Hochberg, Yosef and Benjamini, Yoav},
  journal={Statistics in medicine},
  volume={9},
  number={7},
  pages={811--818},
  year={1990},
  publisher={Wiley Online Library}
}

@article{benjamini1995controlling,
  title={Controlling the false discovery rate: a practical and powerful approach to multiple testing},
  author={Benjamini, Yoav and Hochberg, Yosef},
  journal={Journal of the royal statistical society. Series B (Methodological)},
  pages={289--300},
  year={1995},
  publisher={JSTOR}
}

@article{wold1984collinearity,
  title={The collinearity problem in linear regression. The partial least squares (PLS) approach to generalized inverses},
  author={Wold, Svante and Ruhe, Arnold and Wold, Herman and Dunn, III, WJ},
  journal={SIAM Journal on Scientific and Statistical Computing},
  volume={5},
  number={3},
  pages={735--743},
  year={1984},
  publisher={SIAM}
}

@article{tibshirani1996regression,
  title={Regression shrinkage and selection via the lasso},
  author={Tibshirani, Robert},
  journal={Journal of the Royal Statistical Society. Series B (Methodological)},
  pages={267--288},
  year={1996},
  publisher={JSTOR}
}

@article{zou2005regularization,
  title={Regularization and variable selection via the elastic net},
  author={Zou, Hui and Hastie, Trevor},
  journal={Journal of the Royal Statistical Society: Series B (Statistical Methodology)},
  volume={67},
  number={2},
  pages={301--320},
  year={2005},
  publisher={Wiley Online Library}
}

@article{breiman2001random,
  title={Random forests},
  author={Breiman, Leo},
  journal={Machine learning},
  volume={45},
  number={1},
  pages={5--32},
  year={2001},
  publisher={Springer}
}

@article{kettaneh2005pca,
  title={PCA and PLS with very large data sets},
  author={Kettaneh, Nouna and Berglund, Anders and Wold, Svante},
  journal={Computational Statistics \& Data Analysis},
  volume={48},
  number={1},
  pages={69--85},
  year={2005},
  publisher={Elsevier}
}

@Manual{matrixsparse,
    title = {Matrix: Sparse and Dense Matrix Classes and Methods},
    author = {Douglas Bates and Martin Maechler},
    year = {2018},
    note = {R package version 1.2-14},
    url = {https://CRAN.R-project.org/package=Matrix},
}

@article{krstajic2014cross,
  title={Cross-validation pitfalls when selecting and assessing regression and classification models},
  author={Krstajic, Damjan and Buturovic, Ljubomir J and Leahy, David E and Thomas, Simon},
  journal={Journal of cheminformatics},
  volume={6},
  number={1},
  pages={10},
  year={2014},
  publisher={Nature Publishing Group}
}

@phdthesis{bro1998multi,
  title={Multi-way Analysis in the Food Industry: Models, Algorithms, and Applications},
  author={Bro, Rasmus},
  year={1998},
  school={K{\o}benhavns UniversitetK{\o}benhavns Universitet, LUKKET: 2012 Det Biovidenskabelige Fakultet for F{\o}devarer, Veterin{\ae}rmedicin og NaturressourcerFaculty of Life Sciences, LUKKET: 2012 Institut for F{\o}devarevidenskabDepartment of Food Science, LUKKET: 2012 Kvalitet og TeknologiQuality \& Technology}
}
  
@article{xianyi2014openblas,
  title={OpenBLAS},
  author={Xianyi, Zhang and Qian, Wang and Chothia, Zaheer},
  journal={URL: http://xianyi. github. io/OpenBLAS},
  year={2014}
}

@incollection{wang2014intel,
  title={Intel math kernel library},
  author={Wang, Endong and Zhang, Qing and Shen, Bo and Zhang, Guangyong and Lu, Xiaowei and Wu, Qing and Wang, Yajuan},
  booktitle={High-Performance Computing on the Intel{\textregistered} Xeon Phi™},
  pages={167--188},
  year={2014},
  publisher={Springer}
}

@article{bro2001difference,
  title={On the difference between low-rank and subspace approximation: improved model for multi-linear PLS regression},
  author={Bro, Rasmus and Smilde, Age K and de Jong, Sijmen},
  journal={Chemometrics and Intelligent Laboratory Systems},
  volume={58},
  number={1},
  pages={3--13},
  year={2001},
  publisher={Elsevier}
}

@book{smilde2005multi,
  title={Multi-way analysis: applications in the chemical sciences},
  author={Smilde, Age and Bro, Rasmus and Geladi, Paul},
  year={2005},
  publisher={John Wiley \& Sons}
}

@article{saccenti2014reflections,
  title={Reflections on univariate and multivariate analysis of metabolomics data},
  author={Saccenti, Edoardo and Hoefsloot, Huub CJ and Smilde, Age K and Westerhuis, Johan A and Hendriks, Margriet MWB},
  journal={Metabolomics},
  volume={10},
  number={3},
  pages={361--374},
  year={2014},
  publisher={Springer}
}

@article{heinze2017five,
  title={Five myths about variable selection},
  author={Heinze, Georg and Dunkler, Daniela},
  journal={Transplant International},
  volume={30},
  number={1},
  pages={6--10},
  year={2017},
  publisher={Wiley Online Library}
}

@article{hassall2018beyond,
  title={Beyond the one-way ANOVA for’omics data},
  author={Hassall, Kirsty L and Mead, Andrew},
  journal={BMC bioinformatics},
  volume={19},
  number={7},
  pages={199},
  year={2018},
  publisher={BioMed Central}
}

@article{vetter2018unadjusted,
  title={Unadjusted Bivariate Two-Group Comparisons: When Simpler is Better},
  author={Vetter, Thomas R and Mascha, Edward J},
  journal={Anesthesia \& Analgesia},
  volume={126},
  number={1},
  pages={338--342},
  year={2018},
  publisher={Wolters Kluwer}
}

@incollection{smyth2005limma,
  title={Limma: linear models for microarray data},
  author={Smyth, Gordon K},
  booktitle={Bioinformatics and computational biology solutions using R and Bioconductor},
  pages={397--420},
  year={2005},
  publisher={Springer}
}

@article{mcculloch2000generalized,
  title={Generalized linear models},
  author={McCulloch, Charles E},
  journal={Journal of the American Statistical Association},
  volume={95},
  number={452},
  pages={1320--1324},
  year={2000},
  publisher={Taylor \& Francis Group}
}

@article{babyak2004you,
  title={What you see may not be what you get: a brief, nontechnical introduction to overfitting in regression-type models},
  author={Babyak, Michael A},
  journal={Psychosomatic medicine},
  volume={66},
  number={3},
  pages={411--421},
  year={2004},
  publisher={LWW}
}

@article{hawkins2004problem,
  title={The problem of overfitting},
  author={Hawkins, Douglas M},
  journal={Journal of chemical information and computer sciences},
  volume={44},
  number={1},
  pages={1--12},
  year={2004},
  publisher={ACS Publications}
}

@article{broadhurst2006statistical,
  title={Statistical strategies for avoiding false discoveries in metabolomics and related experiments},
  author={Broadhurst, David I and Kell, Douglas B},
  journal={Metabolomics},
  volume={2},
  number={4},
  pages={171--196},
  year={2006},
  publisher={Springer}
}

@article{bland1995multiple,
  title={Multiple significance tests: the Bonferroni method},
  author={Bland, J Martin and Altman, Douglas G},
  journal={Bmj},
  volume={310},
  number={6973},
  pages={170},
  year={1995},
  publisher={British Medical Journal Publishing Group}
}

@article{bender2001adjusting,
  title={Adjusting for multiple testing—when and how?},
  author={Bender, Ralf and Lange, Stefan},
  journal={Journal of clinical epidemiology},
  volume={54},
  number={4},
  pages={343--349},
  year={2001},
  publisher={Elsevier}
}

@article{benjamini2001control,
  title={The control of the false discovery rate in multiple testing under dependency},
  author={Benjamini, Yoav and Yekutieli, Daniel},
  journal={Annals of statistics},
  pages={1165--1188},
  year={2001},
  publisher={JSTOR}
}

@article{gao2008multiple,
  title={A multiple testing correction method for genetic association studies using correlated single nucleotide polymorphisms},
  author={Gao, Xiaoyi and Starmer, Joshua and Martin, Eden R},
  journal={Genetic Epidemiology: The Official Publication of the International Genetic Epidemiology Society},
  volume={32},
  number={4},
  pages={361--369},
  year={2008},
  publisher={Wiley Online Library}
}

@article{castro2015adjusted,
  title={Adjusted p-values for SGoF multiple test procedure},
  author={Castro-Conde, Irene and de U{\~n}a-{\'A}lvarez, Jacobo},
  journal={Biometrical Journal},
  volume={57},
  number={1},
  pages={108--122},
  year={2015},
  publisher={Wiley Online Library}
}

@article{wang2008principal,
  title={A principal components regression approach to multilocus genetic association studies},
  author={Wang, Kai and Abbott, Diana},
  journal={Genetic Epidemiology: The Official Publication of the International Genetic Epidemiology Society},
  volume={32},
  number={2},
  pages={108--118},
  year={2008},
  publisher={Wiley Online Library}
}

@article{austin2015number,
  title={The number of subjects per variable required in linear regression analyses},
  author={Austin, Peter C and Steyerberg, Ewout W},
  journal={Journal of clinical epidemiology},
  volume={68},
  number={6},
  pages={627--636},
  year={2015},
  publisher={Elsevier}
}

@article{alin2010multicollinearity,
  title={Multicollinearity},
  author={Alin, Aylin},
  journal={Wiley Interdisciplinary Reviews: Computational Statistics},
  volume={2},
  number={3},
  pages={370--374},
  year={2010},
  publisher={Wiley Online Library}
}

@article{wold2001pls,
  title={PLS-regression: a basic tool of chemometrics},
  author={Wold, Svante and Sj{\"o}str{\"o}m, Michael and Eriksson, Lennart},
  journal={Chemometrics and intelligent laboratory systems},
  volume={58},
  number={2},
  pages={109--130},
  year={2001},
  publisher={Elsevier}
}

@incollection{hastie2001model,
  title={Model assessment and selection},
  author={Hastie, Trevor and Friedman, Jerome and Tibshirani, Robert},
  booktitle={The elements of statistical learning},
  pages={193--224},
  year={2001},
  publisher={Springer}
}

@article{hoerl1970ridge,
  title={Ridge regression: Biased estimation for nonorthogonal problems},
  author={Hoerl, Arthur E and Kennard, Robert W},
  journal={Technometrics},
  volume={12},
  number={1},
  pages={55--67},
  year={1970},
  publisher={Taylor \& Francis Group}
}

@article{de1995pls,
  title={PLS shrinks},
  author={De Jong, Sijmen},
  journal={Journal of chemometrics},
  volume={9},
  number={4},
  pages={323--326},
  year={1995},
  publisher={Wiley Online Library}
}

@article{mehmood2012review,
  title={A review of variable selection methods in partial least squares regression},
  author={Mehmood, Tahir and Liland, Kristian Hovde and Snipen, Lars and S{\ae}b{\o}, Solve},
  journal={Chemometrics and Intelligent Laboratory Systems},
  volume={118},
  pages={62--69},
  year={2012},
  publisher={Elsevier}
}

@article{chong2005performance,
  title={Performance of some variable selection methods when multicollinearity is present},
  author={Chong, Il-Gyo and Jun, Chi-Hyuck},
  journal={Chemometrics and intelligent laboratory systems},
  volume={78},
  number={1-2},
  pages={103--112},
  year={2005},
  publisher={Elsevier}
}

@article{zou2005regularization,
  title={Regularization and variable selection via the elastic net},
  author={Zou, Hui and Hastie, Trevor},
  journal={Journal of the Royal Statistical Society: Series B (Statistical Methodology)},
  volume={67},
  number={2},
  pages={301--320},
  year={2005},
  publisher={Wiley Online Library}
}

@article{ferrario2016mortality,
  title={Mortality prediction in patients with severe septic shock: a pilot study using a target metabolomics approach},
  author={Ferrario, Manuela and Cambiaghi, Alice and Brunelli, Laura and Giordano, Silvia and Caironi, Pietro and Guatteri, Luca and Raimondi, Ferdinando and Gattinoni, Luciano and Latini, Roberto and Masson, Serge and others},
  journal={Scientific reports},
  volume={6},
  pages={20391},
  year={2016},
  publisher={Nature Publishing Group}
}

@article{lankinen2010dietary,
  title={Dietary carbohydrate modification alters serum metabolic profiles in individuals with the metabolic syndrome},
  author={Lankinen, Maria and Schwab, Ursula and Gopalacharyulu, Peddinti V and Sepp{\"a}nen-Laakso, Tuulikki and Yetukuri, Laxman and Sysi-Aho, Marko and Kallio, Petteri and Suortti, Tapani and Laaksonen, David E and Gylling, Helena and others},
  journal={Nutrition, Metabolism and Cardiovascular Diseases},
  volume={20},
  number={4},
  pages={249--257},
  year={2010},
  publisher={Elsevier}
}

@article{liu2015high,
  title={High resolution metabolomics with acyl-CoA profiling reveals widespread remodeling in response to diet},
  author={Liu, Xiaojing and Sadhukhan, Sushabhan and Sun, Shengyi and Wagner, Gregory R and Hirschey, Matthew D and Qi, Ling and Lin, Hening and Locasale, Jason W},
  journal={Molecular \& cellular proteomics},
  pages={mcp--M114},
  year={2015},
  publisher={ASBMB}
}

@incollection{bowling2014analyzing,
  title={Analyzing the metabolome},
  author={Bowling, Francis G and Thomas, Mervyn},
  booktitle={Clinical bioinformatics},
  pages={31--45},
  year={2014},
  publisher={Springer}
}

@article{simon2011regularization,
  title={Regularization paths for Cox’s proportional hazards model via coordinate descent},
  author={Simon, Noah and Friedman, Jerome and Hastie, Trevor and Tibshirani, Rob},
  journal={Journal of statistical software},
  volume={39},
  number={5},
  pages={1},
  year={2011},
  publisher={NIH Public Access}
}

@article{nygaard2008partial,
  title={Partial least squares Cox regression for genome-wide data},
  author={Nyg{\aa}rd, St{\aa}le and Borgan, {\O}rnulf and Lingj{\ae}rde, Ole Christian and St{\o}rvold, Hege Leite},
  journal={Lifetime Data Analysis},
  volume={14},
  number={2},
  pages={179--195},
  year={2008},
  publisher={Springer}
}

@article{liebmann2010robust,
  title={Robust and classical PLS regression compared},
  author={Liebmann, Bettina and Filzmoser, Peter and Varmuza, Kurt},
  journal={Journal of Chemometrics},
  volume={24},
  number={3-4},
  pages={111--120},
  year={2010},
  publisher={Wiley Online Library}
}

@article{park2016robust,
  title={Robust logistic regression modelling via the elastic net-type regularization and tuning parameter selection},
  author={Park, Heewon and Konishi, Sadanori},
  journal={Journal of Statistical Computation and Simulation},
  volume={86},
  number={7},
  pages={1450--1461},
  year={2016},
  publisher={Taylor \& Francis}
}

@article{breiman2001statistical,
  title={Statistical modeling: The two cultures (with comments and a rejoinder by the author)},
  author={Breiman, Leo and others},
  journal={Statistical science},
  volume={16},
  number={3},
  pages={199--231},
  year={2001},
  publisher={Institute of Mathematical Statistics}
}

@incollection{venables2002tree,
  title={Tree-based methods},
  author={Venables, William N and Ripley, Brian D},
  booktitle={Modern Applied Statistics with S},
  pages={251--269},
  year={2002},
  publisher={Springer}
}

@article{loh2014fifty,
  title={Fifty years of classification and regression trees},
  author={Loh, Wei-Yin},
  journal={International Statistical Review},
  volume={82},
  number={3},
  pages={329--348},
  year={2014},
  publisher={Wiley Online Library}
}

@book{efron1994introduction,
  title={An introduction to the bootstrap},
  author={Efron, Bradley and Tibshirani, Robert J},
  year={1994},
  publisher={CRC press}
}

@article{fernandez2014we,
  title={Do we need hundreds of classifiers to solve real world classification problems?},
  author={Fern{\'a}ndez-Delgado, Manuel and Cernadas, Eva and Barro, Sen{\'e}n and Amorim, Dinani},
  journal={The Journal of Machine Learning Research},
  volume={15},
  number={1},
  pages={3133--3181},
  year={2014},
  publisher={JMLR. org}
}

@article{archer2008empirical,
  title={Empirical characterization of random forest variable importance measures},
  author={Archer, Kellie J and Kimes, Ryan V},
  journal={Computational Statistics \& Data Analysis},
  volume={52},
  number={4},
  pages={2249--2260},
  year={2008},
  publisher={Elsevier}
}

@inproceedings{freund1996experiments,
  title={Experiments with a new boosting algorithm},
  author={Freund, Yoav and Schapire, Robert E and others},
  booktitle={Icml},
  volume={96},
  pages={148--156},
  year={1996},
  organization={Citeseer}
}

@article{auret2011empirical,
  title={Empirical comparison of tree ensemble variable importance measures},
  author={Auret, Lidia and Aldrich, Chris},
  journal={Chemometrics and Intelligent Laboratory Systems},
  volume={105},
  number={2},
  pages={157--170},
  year={2011},
  publisher={Elsevier}
}

@article{dayhoff2001artificial,
  title={Artificial neural networks: opening the black box},
  author={Dayhoff, Judith E and DeLeo, James M},
  journal={Cancer: Interdisciplinary International Journal of the American Cancer Society},
  volume={91},
  number={S8},
  pages={1615--1635},
  year={2001},
  publisher={Wiley Online Library}
}

@article{mahadevan2008analysis,
  title={Analysis of metabolomic data using support vector machines},
  author={Mahadevan, Sankar and Shah, Sirish L and Marrie, Thomas J and Slupsky, Carolyn M},
  journal={Analytical Chemistry},
  volume={80},
  number={19},
  pages={7562--7570},
  year={2008},
  publisher={ACS Publications}
}

@article{bartel2013statistical,
  title={Statistical methods for the analysis of high-throughput metabolomics data},
  author={Bartel, J{\"o}rg and Krumsiek, Jan and Theis, Fabian J},
  journal={Computational and structural biotechnology journal},
  volume={4},
  number={5},
  pages={e201301009},
  year={2013},
  publisher={Elsevier}
}

@article{tucker1966some,
  title={Some mathematical notes on three-mode factor analysis},
  author={Tucker, Ledyard R},
  journal={Psychometrika},
  volume={31},
  number={3},
  pages={279--311},
  year={1966},
  publisher={Springer}
}

@article{kiers2001three,
  title={Three-way component analysis: Principles and illustrative application.},
  author={Kiers, Henk AL and Mechelen, Iven Van},
  journal={Psychological methods},
  volume={6},
  number={1},
  pages={84},
  year={2001},
  publisher={American Psychological Association}
}

@article{le2008sparse,
  title={A sparse PLS for variable selection when integrating omics data},
  author={L{\^e} Cao, Kim-Anh and Rossouw, Debra and Robert-Grani{\'e}, Christele and Besse, Philippe},
  journal={Statistical applications in genetics and molecular biology},
  volume={7},
  number={1},
  year={2008},
  publisher={De Gruyter}
}