@misc{marx2013biology,
  title={Biology: The big challenges of big data},
  author={Marx, Vivien},
  year={2013},
  publisher={Nature Publishing Group}
}